@Article{OverHEVC,
	Author   = {Gary J. Sullivan, Jens-Rainer Ohm, Woo-Jin Han and Thomas
                    Wiegand},
        Journal  = {IEEE Transaction on Circuits and System for Video 
                    Technology},
        Month    = {December},
        Number   = {12},
        Numpages = {20},
        Pages    = {1649--1669},
        Title    = {Overview of the \textsc{H}igh \textsc{E}fficiency 
                    \textsc{V}ideo \textsc{C}oding (\textsc{HEVC}) 
                    \textsc{S}tandard},
        Volume   = {72},
        Url      = {http://ieeexplore.ieee.org/stamp/stamp.jsp?tp=\&arnumber=63616136},
        Year     = {2012},
        }

@Book{CBabbage,
  author    =  {Halacy, Daniel Stephen},
  ALTeditor =  {},
  title     =  {Charles Babbage, Father of the Computer},
  publisher =  {Crowell-Collier Press},
  year      =  {1970},
  ISBN      =  {0-02-741370-5},
}

@Article{GMoore,
	Author   = {Gordon E. Moore},
        Journal  = {Proceedings of the IEEE},
        Month    = {January},
        Number   = {1},
        Numpages = {4},
        Pages    = {82--85},
        Title    = {Cramming \textsc{M}ore \textsc{C}omponents onto
                    \textsc{I}ntegrated \textsc{C}ircuits},
        Volume   = {86},
        Url      = {http://www.cs.utexas.edu/~fussell/courses/cs352h/papers/moore.pdf},
        Year     = {1998},
        }

@Online{MooresLaw,
  author = 	 {Don Clark},
  title = 	 {Intel Rechisels the Tablet on Moore's Law},
  year = 	 {2015},
  date = 	 {15/07/2015},
  url = 	 {http://blogs.wsj.com/digits/2015/07/16/intel-rechisels-the-tablet-on-moores-law/},
}